<record><leader>00000cas a22000007a 4500</leader><controlfield tag="001">11257798</controlfield><controlfield tag="008">841012d19411964cousr ne      0   a0eng d</controlfield><datafield ind1=" " ind2=" " tag="010"><subfield code="a">sn 91052354 </subfield><subfield code="z">   47042886 </subfield></datafield><datafield ind1=" " ind2=" " tag="040"><subfield code="a">DPL</subfield><subfield code="b">eng</subfield><subfield code="c">DPL</subfield><subfield code="d">CNQ</subfield><subfield code="d">DLC</subfield><subfield code="d">NSD</subfield><subfield code="d">OCLCQ</subfield><subfield code="d">CUI</subfield><subfield code="d">DLC</subfield><subfield code="d">OCLCF</subfield><subfield code="d">OCLCO</subfield></datafield><datafield ind1=" " ind2=" " tag="012"><subfield code="i">8804</subfield><subfield code="j">0</subfield></datafield><datafield ind1="0" ind2=" " tag="022"><subfield code="a">0271-7549</subfield><subfield code="l">0271-7549</subfield><subfield code="2">1</subfield></datafield><datafield ind1="1" ind2=" " tag="029"><subfield code="a">AU@</subfield><subfield code="b">000025865446</subfield></datafield><datafield ind1=" " ind2=" " tag="042"><subfield code="a">msc</subfield><subfield code="a">nsdp</subfield></datafield><datafield ind1="0" ind2="0" tag="050"><subfield code="a">TN1</subfield><subfield code="b">.M69</subfield></datafield><datafield ind1="0" ind2=" " tag="082"><subfield code="a">622.05</subfield></datafield><datafield ind1="0" ind2=" " tag="130"><subfield code="a">Mining record (Denver, Colo. : 1941)</subfield></datafield><datafield ind1="0" ind2=" " tag="210"><subfield code="a">Min. rec.</subfield><subfield code="b">(1941)</subfield></datafield><datafield ind1=" " ind2="4" tag="222"><subfield code="a">The Mining record</subfield><subfield code="b">(1941)</subfield></datafield><datafield ind1="1" ind2="4" tag="245"><subfield code="a">The mining record.</subfield></datafield><datafield ind1="3" ind2="0" tag="246"><subfield code="a">Mining record and industrial review</subfield></datafield><datafield ind1=" " ind2=" " tag="260"><subfield code="a">Denver, Colo. :</subfield><subfield code="b">Moyer &amp; Newmeyer,</subfield><subfield code="c">1941-1964.</subfield></datafield><datafield ind1=" " ind2=" " tag="300"><subfield code="a">v.</subfield></datafield><datafield ind1=" " ind2=" " tag="310"><subfield code="a">Semimonthly,</subfield><subfield code="b">Aug. 15, 1963-Mar. 5, 1964</subfield></datafield><datafield ind1=" " ind2=" " tag="321"><subfield code="a">Weekly,</subfield><subfield code="b">Feb. 15, 1941-Aug. 8, 1963</subfield></datafield><datafield ind1="0" ind2=" " tag="362"><subfield code="a">Vol. 52, no. 7 (Feb. 15, 1941)-v. 75, no. 5 (Mar. 5, 1964).</subfield></datafield><datafield ind1=" " ind2=" " tag="500"><subfield code="a">Published as: Mining record and industrial review, &lt;Jan. 25, 1962&gt;-Feb. 1, 1962.</subfield></datafield><datafield ind1=" " ind2=" " tag="530"><subfield code="a">Available on microfilm from the Colorado Historical Society.</subfield></datafield><datafield ind1=" " ind2="0" tag="650"><subfield code="a">Mineral industries</subfield><subfield code="v">Periodicals.</subfield></datafield><datafield ind1=" " ind2="0" tag="650"><subfield code="a">Mines and mineral resources</subfield><subfield code="v">Periodicals.</subfield></datafield><datafield ind1=" " ind2="0" tag="651"><subfield code="a">Denver (Colo.)</subfield><subfield code="v">Newspapers.</subfield></datafield><datafield ind1=" " ind2="7" tag="655"><subfield code="a">Newspapers.</subfield><subfield code="2">fast</subfield><subfield code="0">(OCoLC)fst01423814</subfield></datafield><datafield ind1=" " ind2="7" tag="655"><subfield code="a">Periodicals.</subfield><subfield code="2">fast</subfield><subfield code="0">(OCoLC)fst01411641</subfield></datafield><datafield ind1=" " ind2="7" tag="650"><subfield code="a">Mineral industries.</subfield><subfield code="2">fast</subfield><subfield code="0">(OCoLC)fst01022218</subfield></datafield><datafield ind1=" " ind2="7" tag="650"><subfield code="a">Mines and mineral resources.</subfield><subfield code="2">fast</subfield><subfield code="0">(OCoLC)fst01022541</subfield></datafield><datafield ind1=" " ind2="7" tag="651"><subfield code="a">Colorado</subfield><subfield code="z">Denver.</subfield><subfield code="2">fast</subfield><subfield code="0">(OCoLC)fst01205192</subfield></datafield><datafield ind1=" " ind2=" " tag="752"><subfield code="a">United States</subfield><subfield code="b">Colorado</subfield><subfield code="c">Denver</subfield><subfield code="d">Denver.</subfield></datafield><datafield ind1="0" ind2="0" tag="780"><subfield code="t">Denver mining record and machinery journal</subfield><subfield code="w">(DLC)sn 91052355</subfield><subfield code="w">(OCoLC)23273716</subfield></datafield><datafield ind1="0" ind2="0" tag="785"><subfield code="t">Mining and natural resources record</subfield><subfield code="x">0270-5818</subfield><subfield code="w">(DLC)sc 80001419</subfield><subfield code="w">(OCoLC)3220268</subfield></datafield><datafield ind1=" " ind2=" " tag="850"><subfield code="a">DLC</subfield><subfield code="a">NN</subfield></datafield></record>